<record><leader>00000cas a22000007a 4500</leader><controlfield tag="001">9898418</controlfield><controlfield tag="008">830912d1981199uohuwr ne      0   a0eng d</controlfield><datafield ind1=" " ind2=" " tag="010"><subfield code="a">sn 83008839 </subfield></datafield><datafield ind1=" " ind2=" " tag="040"><subfield code="a">NSD</subfield><subfield code="b">eng</subfield><subfield code="c">NSD</subfield><subfield code="d">ONP</subfield><subfield code="d">NSD</subfield><subfield code="d">OCL</subfield><subfield code="d">OCLCQ</subfield></datafield><datafield ind1=" " ind2=" " tag="012"><subfield code="j">0</subfield></datafield><datafield ind1="1" ind2=" " tag="022"><subfield code="a">0746-2611</subfield><subfield code="l">0746-2611</subfield><subfield code="2">1</subfield></datafield><datafield ind1="1" ind2=" " tag="029"><subfield code="a">AU@</subfield><subfield code="b">000020275776</subfield></datafield><datafield ind1=" " ind2=" " tag="037"><subfield code="b">Garfield-Maple Heights Sun, 5510 Cloverleaf Pky., Cleveland, OH 44125</subfield></datafield><datafield ind1=" " ind2=" " tag="042"><subfield code="a">nsdp</subfield></datafield><datafield ind1=" " ind2="0" tag="222"><subfield code="a">Garfield-Maple Heights sun</subfield></datafield><datafield ind1="0" ind2="0" tag="245"><subfield code="a">Garfield-Maple Heights sun.</subfield></datafield><datafield ind1="3" ind2=" " tag="246"><subfield code="a">Garfield, Maple Heights sun</subfield></datafield><datafield ind1="1" ind2="3" tag="246"><subfield code="a">Sun</subfield></datafield><datafield ind1=" " ind2=" " tag="260"><subfield code="a">Cleveland, Ohio :</subfield><subfield code="b">Sun Newspapers,</subfield><subfield code="c">1981-</subfield></datafield><datafield ind1=" " ind2=" " tag="300"><subfield code="a">v.</subfield></datafield><datafield ind1=" " ind2=" " tag="310"><subfield code="a">Weekly</subfield></datafield><datafield ind1="0" ind2=" " tag="362"><subfield code="a">11th year, no. 14 (Apr. 2, 1981)-</subfield></datafield><datafield ind1=" " ind2=" " tag="752"><subfield code="a">United States</subfield><subfield code="b">Ohio</subfield><subfield code="c">Cuyahoga</subfield><subfield code="d">Cleveland.</subfield></datafield><datafield ind1="0" ind2="1" tag="780"><subfield code="t">Southeast sun (Cleveland Heights, Ohio)</subfield><subfield code="w">(DLC)sn 90068448</subfield></datafield><datafield ind1="0" ind2="0" tag="785"><subfield code="t">Garfield-Maple sun</subfield><subfield code="x">1086-1254</subfield><subfield code="w">(DLC)sn 95003600</subfield></datafield><datafield ind1=" " ind2=" " tag="936"><subfield code="a">Aug. 25, 1983</subfield></datafield></record>